<?xml version="1.0" encoding="UTF-8"?><record xmlns="http://www.loc.gov/MARC21/slim" xmlns:cinclude="http://apache.org/cocoon/include/1.0" xmlns:zs="http://www.loc.gov/zing/srw/">
  <leader>01161nz  a2200217n  4500</leader>
  <controlfield tag="001">no2008076557</controlfield>
  <controlfield tag="003">DLC</controlfield>
  <controlfield tag="005">20080524075328.0</controlfield>
  <controlfield tag="008">080520n| acannaabn          |a aaa     c</controlfield>
  <datafield tag="010" ind1=" " ind2=" ">
    <subfield code="a">no2008076557</subfield>
  </datafield>
  <datafield tag="035" ind1=" " ind2=" ">
    <subfield code="a">(OCoLC)oca07775602</subfield>
  </datafield>
  <datafield tag="040" ind1=" " ind2=" ">
    <subfield code="a">NNFr</subfield>
    <subfield code="b">eng</subfield>
    <subfield code="c">NNFr</subfield>
  </datafield>
  <datafield tag="100" ind1="1" ind2=" ">
    <subfield code="a">Widemann, Lazar,</subfield>
    <subfield code="d">1697-1769</subfield>
  </datafield>
  <datafield tag="400" ind1="1" ind2=" ">
    <subfield code="a">Widman, Lazar,</subfield>
    <subfield code="d">1697-1769</subfield>
  </datafield>
  <datafield tag="400" ind1="1" ind2=" ">
    <subfield code="a">Widdemann, Lazar,</subfield>
    <subfield code="d">1697-1769</subfield>
  </datafield>
  <datafield tag="400" ind1="1" ind2=" ">
    <subfield code="a">Widemon, Lazar,</subfield>
    <subfield code="d">1697-1769</subfield>
  </datafield>
  <datafield tag="400" ind1="1" ind2=" ">
    <subfield code="a">Widmann, Lazar,</subfield>
    <subfield code="d">1697-1769</subfield>
  </datafield>
  <datafield tag="670" ind1=" " ind2=" ">
    <subfield code="a">Sochař Lazar Widemann (1697-1769) a jeho dílo v západních Čechách, 2006:</subfield>
    <subfield code="b">p. 249 (b. Dec. 13, 1697) p. 240 (d. Jan. 29, 1769)</subfield>
  </datafield>
  <datafield tag="670" ind1=" " ind2=" ">
    <subfield code="a">Grove Art Online via Oxford Art Online, May 20th, 2008</subfield>
    <subfield code="b">(Widman, Lazar; b. Plzeň, Dec. 13, 1697; d. Jan. 1769; Bohemian sculptor)</subfield>
  </datafield>
  <datafield tag="670" ind1=" " ind2=" ">
    <subfield code="a">Allgemeines Künstlerlexikon Internationale Künstlerdatenbank, 26th CD-ROM ed.</subfield>
    <subfield code="b">(Widman, Lazar; Widdemann, Lazar; Widemon, Lazar; Widemann, Lazar; carver, sculptor; b. Pilsen, Dec. 13, 1697; d. Pilsen, 1768 or 69)</subfield>
  </datafield>
  <datafield tag="670" ind1=" " ind2=" ">
    <subfield code="a">Czech nat. authority database, May 20th, 2008</subfield>
    <subfield code="b">(hdg.: Widemann, Lazar, 1699-1769; variants: Widmann, Lazar, 1699-1769; Widdemann, Lazar, 1699-1769)</subfield>
  </datafield>
</record>